Record 1
LDR  02283nam^a2200469^a^4500
005  20020823110659.0
008  951027s1993    cc a          000 1 chi d
035       $a (CStRLIN)CASO95-B4619
035  9    $a (SBN)AJZ1021
040       $a CU-SB $c CU-SB
090       $a PL2646 $b .M55 1993 v.4 $i 10/27/95 T
100  0    $a Chʻing-hsi-tao-jen, $d 17th cent.
245  10   $a Chʻan chen hou shih / $c [Fang Ju-hao chu ; Wang I-min chiao tien]. Chou tsao chi ; Fei chien chi ; Tʻieh shu chi / [Teng Chih-mo chu ; Chung Wei, Hsiang Yung-yang chiao tien]. Hsieh chia li / [Wu ming shih chu ; Yü Tʻu chiao tien].
250       $a Ti 1 pan.
260       $a Chʻeng-tu : $b Pa Shu shu she, $c 1993.
300       $a 971 p. : $b ill. ; $c 21 cm.
490  1    $a Ming tai hsiao shuo chi kʻan. Ti 1 chi ; $v 7-11
500       $a SBXL: NO 001 IN RECORD; REJECT.
500       $a Original title of 1st work: Hsin chüan pʻi pʻing chʻu hsiang tʻung su yen i chʻan chen hou shih.
500       $a Caption title of 2nd work: Chʻieh Wu tai Sa-chen-jen te tao chou tsao chi.
500       $a Caption title of 3rd work: Chʻieh Tʻang tai Lü Chʻun-yang te tao fei chien chi.
500       $a Caption title of 4th work: Hsin chʻieh Chin tai Hsü Ching-yang te tao chʻin chiao tʻieh shu chi.
500       $a 5th work also named: Feng liu ho shang, with Caption title: Hsien pien feng liu ho shang.
700  1    $a Wang, I-min.
700  1    $a Chung, Wei.
700  1    $a Hsiang, Yung-yang
700  1    $a Yü, Tʻu.
700  12   $a Teng, Chih-mo, $d 16th/17th cent. $t Chou tsao chi.
700  12   $a Teng, Chih-mo, $d 16th/17th cent. $t Fei chien chi.
700  12   $a Teng, Chih-mo, $d 16th/17th cent. $t Tʻieh shu chi.
740  0    $a Hsin chüan pʻi pʻing chʻu hsiang tʻung su yen i chʻan chen hou shih.
740  02   $a Chou tsao chi.
740  02   $a Chʻieh Wu tai Sa-chen-jen te tao chou tsao chi.
740  02   $a Fei chien chi.
740  02   $a Chʻieh Tʻang tai Lü Chʻun-yang te tao fei chien chi.
740  02   $a Tʻieh shu chi.
740  02   $a Hsin chʻieh Chin tai Hsü Ching-yang te tao chʻin chiao tʻieh shu chi.
740  02   $a Hsieh chia li.
740  02   $a Feng liu ho shang.
740  02   $a Hsin pien feng liu ho shang.
830   0   $a Ming tai hsiao shuo chi kʻan. $n Ti 1 chi ; $v 7-11
852  00   $a CU-SB $b MAIN $c ASIAN $h PL2646 $i .M55 1993 $i v.4 $n us

Record 2
