LDR  01780nas^a2200361^a^4500
001  SXLB001812014
005  20020823110659.0
007  heubmb024bbca
008  920228c19889999coumr p bb   f0   a0eng d
010       $a sn 92023953 
035       $a (OCoLC)ocm25361830
035  9    $a (SBN)AJZ1022
040       $a ORU $c ORU $d GPO $d CU-SB
042       $a lcd
043       $a n-us---
074       $a 0629-A-01 (MF)
086       $a I 53.17/2:
110  2    $a BLM Library (U.S.)
245  10   $a Bureau of Land Management monthly alert $h [microform].
246  13   $a Monthly alert
260       $a Denver, CO : $b BLM Library, $c [1988-
300       $a v. ; $c 28 cm.
310       $a Monthly
362  0    $a Jan. 1988-
500       $a SBXL: 001 DOES NOT BEGIN 'SBXL'; REJECT.
515       $a Feb. and Mar. 1988 issued in combined form.
533       $a Microfiche. $m 1988- $b [Washington, D.C.] : $c Supt. of Docs., U.S. G.P.O. $d [1992- $e   microfiches : negative.
610  20   $a BLM Library (U.S.) $x Bibliography $x Periodicals.
650   0   $a Public lands $z United States $x Bibliography $x Periodicals.
776  1    $c Original $w (OCoLC)18114300 $w (DLC)sn 88040122
780  01   $a BLM Library (U.S.). $t Monthly alert $w (OCoLC)17804636
852  31   $a CU-SB $b MAIN $c GPUSM $h I 53.17/2: $n us $D 4  $O Currently received $3 no.1-12 (1988:Jan./Dec.)***no.1-12 (1989:Jan./Dec.)***no.1-12 (1990:Jan./Dec.)***no.1-4,6-12 (1991:Jan./Apr.,June/Dec.)***no.1-2,4-5 (1992:Jan./Feb.,Apr./May)***no.1-12 (1993:Jan./Dec.)***no.1-12 (1994:Jan-Dec.)***no.1-11 (1995:Jan.-Nov.)***no.2-12 (1996:Feb.-Dec.)***no.2-12 (1997:Feb.-Dec./1998:Jan.)***no.2-4,6/7-12 (1998:Feb.-Apr.,June/July-Dec.)***no.1-12 (1999:Jan.-Dec.)***no.1-2,11 (2000:Jan.-Feb./Nov.)
265       $a Paper subscription available from: BLM Library, Service Center, SC-653, Denver Federal Center, Denver, CO 80225-0447

Record 3
