LDR  01342nam^a2200253^a^4500
001  SBXL001812019
005  20020823110659.0
008  950706s1994    nyua     b    000 0 eng d
020       $a 0874270928
035  9    $a (SBN)AJZ1027
040       $a NNWhit $c NNWhit $d NBiSU $d OrLoB-B
043       $a n-us---
245  00   $a Tracing cultures : $b art history, criticism, critical fiction.
260       $a New York, N.Y. : $b Whitney Museum of American Art : $b Distributed   by Distributed Art Publishers, $c c1994.
300       $a 175 p. : $b ill. ; $c 23 cm.
490  1    $a ISP papers ; $v no. 5
500       $a SBXL: SINGLE 852 HAS NO  $c ; DON'T OUTPUT 852; REJECT
504       $a Includes bibliographical references.
505  0    $a Reductivism in Reverse / Alexander Alberro -- Re-Placing Angels: Extracts and Extractions / Allan deSouza -- Sally Mann's Looking-Glass House / Shannah Ehrhart -- Speaking in Tongues / Kate Thompson Glazer -- The Parody Aesthetic / Melanie Marino -- Fire onto the Square / Constantinos Proimakis -- Jetties and Lagoons / David Raskin -- Beyond Shack Photography: The Humanist Imagery of Roy DeCarava / AJ Verdelle.
650   0   $a Art, American.
650   0   $a Art, Modern $y 20th century $z United States.
710  2    $a Whitney Museum of American Art. $b Independent Study Program.
830   0   $a ISP papers ; $v no. 5
852  00   $a CU-SB $b ARTS $h N7443.2 $i .T6 1994 $n us

Record 8
