LDR  01287nam^a2200277^a^4500
001  SBXL001812020
005  20020823110659.0
008  950412s1994    sz a     b    101 0 eng d
035  9    $a (SBN)AJZ1028
040       $a InU $c InU $d CU $d CU-SB
043       $a a------ $a e------
245  00   $a Recovering the Orient : $b artists, scholars, appropriations / $c edited by Andrew Gerstle and Anthony Milner.
260       $a Chur : $b Harwood Academic Publishers, $c 1994.
300       $a ix, 362 p. : $b ill. ; $c 26 cm.
490  1    $a Studies in anthropology and history, $x 1055-2464 ; $v v. 11
500       $a SBXL: 1ST 852 HAS NO  $c  SO DON'T OUTPUT AN 852; 2ND 852 HAS  $c  BUT NO  $b  SO OUTPUT THAT 852.
500       $a "Essays in this vol. were presented in draft form at two conferences held in the Humanities Research Centre of the Australian National University"--Cf. inserted leaf.
504       $a Includes bibliographical references and index.
650   0   $a East and West $x Congresses.
650   0   $a Civilization, Oriental $x Congresses.
651   0   $a Europe $x Civilization $x Oriental influences $x Congresses.
700  1    $a Gerstle, C. Andrew, $d 1951-
700  1    $a Milner, Anthony.
830   0   $a Studies in anthropology and history ; $v v. 11
852  00   $a CU-SB $b MAIN $h CB251 $i .R37 1994 $n us
852  00   $a CU-SB $c NDARF $h JK123 $i .T12 $n us

Record 9
