LDR  03057nam^a2200313^a^4500
001  SBXL001812021
005  20020823110659.0
008  950502s1995    coub     b    000 0 eng  
010       $a    95004613 
020       $a 1555875882 (pbk. : alk. paper)
035  9    $a (SBN)AJZ1029
040       $a DLC $c DLC $d DLC $d CU-SB $d OrLoB
043       $a aw-----
050  00   $a JQ1758.A5 $b T68 1995
082  00   $a 306.2/0956 $2 20
245  00   $a Toward civil society in the Middle East? : $b a primer / $c edited by Jillian Schwedler.
260       $a Boulder, CO : $b L. Rienner, $c 1995.
300       $a xii, 124 p. : $b map ; $c 23 cm.
500       $a SBXL: NO 005 IN INPUT RECORD; SUPPLY FILEDATE AS 005
505  0    $a Foreword / Augustus Richard Norton -- Introduction: Civil Society and the Study of Middle East Politics / Jillian Schwedler -- 1. The Future of Civil Society in the Middle East / Augustus Richard Norton -- 2. Modern Islamic Fundamentalist Discourses on Civil Society, Pluralism, and Democracy / Ahmad Moussalli -- 3. Democratization in the Arab World / Saad Eddin Ibrahim -- 4. Economic Pressures for Accountable Governance in the Middle East and North Africa / Alan Richards -- 5. Civil Society and the Authoritarian Temptation in Algerian Politics / John P. Entelis -- 6. Algeria's Short-Lived Experiment with Electoral Politics / Abdeslam Maghraoui -- 7. A Civil Society in Egypt? / Mustapha Kamil al-Sayyid -- 8. Civil Society and Iranian Politics / Farhad Kazemi -- 9. Civil Society Under the Ba'th in Iraq / Zuhair Humadi -- 10. Two Civil Societies and One State: Jews and Arabs in the State of Israel / Gideon Doron -- 11. "In the Beginning Was the State..." Civil Society in Jordan / Laurie Brand.
505  8    $a 12. Civil Society in Jordan: A Preliminary Study / Atef Odhibat -- 13. Civil Society in Kuwait / Neil Hicks and Ghanim al-Najjar -- 14. Civil Society in the Arab Gulf States / Jill Crystal -- 15. Civil Society Against the War System: The Lebanese Case / Antoine Messarra -- 16. Palestinian Civil Society / Muhammad Muslih -- 17. Civil Society in the Gaza Strip / Sara Roy -- 18. Early Elections in the West Bank and Gaza / Jillian Schwedler -- 19. The Destruction of Civil Society in the Sudan / Ann Mosely Lesch -- 20. State, Civil Society, and Political Change in Syria / Raymond A. Hinnebusch -- 21. Civil Society in Formation: Tunisia / Eva Bellin -- 22. Notes on Civil Society in Tunisia / Abdelbaki Hermassi -- 23. Civil Society in Turkey / Binnaz Toprak -- 24. Authoritarian Secularism and Islamic Participation: The Case of Turkey / Nilufer Gole -- 25. Yemen Between Civility and Civil War / Sheila Carapico.
505  8    $a Conclusion: Civil Society and Political Reform in the Middle East / Farhad Kazemi and Augustus Richard Norton.
651   0   $a Middle East $x Politics and government $y 1976.
650   0   $a Civil society $z Middle East.
650   0   $a Democracy $z Middle East.
650   0   $a Political culture $z Middle East.
650   0   $a Islam and politics $z Middle East.
700  1    $a Schwedler, Jillian.
852  00   $a CU-SB $b MAIN $c MAIN $h JQ1758.A5 $i T68 1995 $n us

Record 10
