LDR  01387cam^a22002177a^4500
001  SBXL001812023
005  20020823110659.0
007  he|bmb   bbca
008  940713s1992    dcua    b    f100 0 eng d
035  9    $a (SBN)AJZ1031
040       $a CU-SB $c CU-SB
111  2    $a National Innovation Workshop for the New England Region $d (1991 : $c Portland, Me.)
245  10   $a Making invention pay : $h microform $b Portland, Maine, October 4-5, 1991.
260       $a [Washington, D.C.?] : $b Dept. of Energy, $c 1991.
300       $a 1 folded pamphlet : $b ill. ; $c 23 cm.
500       $a SBXL: OUTPUT OR DROP VARIOUS 852 SUBFIELDS
533       $a Microfiche. $b [Washington, D.C] : $c U.S. G.P.O. $d 1992. $e 1 microfiche : negative.
650   0   $a Inventions $z United States $x Congresses.
650   0   $a Technological innovations $z United States $x Congresses.
852  0    $6 Link $a CU-SB $a Loc2(NR) $b MAIN $b SubLoc2(R) $c MUS $c ShelvLoc2(R) $e Address1 $e Address2(R) $f CodedLocQualifier $f CodedLocQual2(R) $g NonCodedLQ1 $g NonCodedLQ2(R) $h QL666.O6 $h ClassPart2(NR) $i O7 $i ItemPart2(R) $k Prefix1 $k Prefix2(R) $l ShelvTitle $l ShelvTitle2(NR) $m Suffix1 $m Suffix2(R) $n Cntry $n Cntry2(NR) $p PieceDesig1 $p PieceDesig2(NR) $q PhysCond1 $q PhysCond2(NR) $s Copyright1 $s Copyright2(R) $t Copynum1 $t Copynum2(NR) $x NonPub1 $x NonPub2(R) $z Pub1 $z Pub2(R) $2 Scheme $3 Holdings1 $3 Holdings2(NR) $8 Sequence $D CollDevDisplay $O ColDevCode $X SBsX $A SBsA $L SBsL $H SBsH
852  30   $a CU-SB $b MAIN $c GPUSM $h E 1.89:0339 P $n us

Record 11
