LDR  01430nam^a2200325^a^4500
001  SBXL001812024
005  20020823110659.0
008  950525s1994    nyua     bd   001 0ceng  
010       $a    94001028 
015       $a GB94-84792
020       $a 0815311761 (alk. paper)
035  9    $a (SBN)AJZ1032
040       $a DLC $c DLC $d *UKM* $d CU $d CStRLIN
043       $a n-us---
050  00   $a KF8744 $b .S859 1994
082  00   $a 347.73/2634/03 $a B $a 347.307353403 $a B $2 20
245  04   $a The Supreme Court justices : $b a biographical dictionary / $c edited by Melvin I. Urofsky.
260       $a New York : $b Garland Pub., $c 1994.
300       $a xv, 570 p. : $b ill. ; $c 27 cm.
490  1    $a Garland reference library of the humanities ; $v vol. 1851
500       $a SBXL: 5 852s; 1ST NO  $h ; 2ND NO  $i ; 3RD NO  $h  OR  $i ; 4TH  $j  ONLY; 5TH 1  $h  & 2  $i .
610  10   $a United States. $b Supreme Court $x Officials and employees $x Biography $x Dictionaries.
650   0   $a Judges $z United States $x Biography $x Dictionaries.
700  1    $a Urofsky, Melvin I.
830   0   $a Garland reference library of the humanities ; $v vol. 1851
852  00   $a CU-SB $b MAIN $c MARF $i .Box99 $k REF
852  00   $a CU-SB $b MAIN $c SPROM $h Box50 $z Marbled end papers. $z Marbled beginning papers. $z Marbles everywhere.
852  00   $a CU-SB $b MAIN $c MUS $3 Library has: all pages.
852  00   $a CU-SB $b MAIN $c NDARF $j Box21 $x Gift of Kerry Stratton.
852  00   $a CU-SB $b ARTS $c MUCAG $h KF8744 $i .S859 1994 $i SecondI(R) $m Shelved on sunporch.

Record 12
