LDR  01075nam^a2200277^a^4500
001  SBXL001812025
005  20020823110659.0
008  951101s1995    txua     b    000 0 eng  
010       $a    95220908 
035  9    $a (SBN)AJZ1033
040       $a DLC $c DLC
050  00   $a GB2401.72.R42 $b A38 1995
100  1    $a Allison, Ian.
245  10   $a Sea ice in the global climate system : $b requirements for an ocean observing system / $c Ian Allison and Richard Moritz.
260       $a College Station, TX : $b Ocean Observing System Development Panel, $c [1995]
300       $a v, 28 p. : $b ill. ; $c 28 cm.
490  1    $a OOSDP background report ; $v no. 7
500       $a SBXL: MOVE VALUE IN 852  $c  TO  $b ; DROP INPUT  $b 's 
500       $a "April 1995"--Cover.
504       $a Includes bibliographical references (p. 25-28).
650   0   $a Sea ice $x Remote sensing.
650   0   $a Global Ocean Observing System.
700  1    $a Moritz, Richard Edward.
710  2    $a Ocean Observing System Development Panel.
830   0   $a OOSDP background report ; $v no. 7
852  00   $a CU-SB $b MAIN $b ARTS $c SEL $h GB2401.72 $i .R42 $i A38 1995 $n us

Record 13
LDR  01402cam^a2200409^a^4500
001  SBXL001817920
005  20020823110659.0
008  970516m19839999cc a     b    00000 chi  
010       $a    86173798 /ACN/r932
020       $a 7101004962 (v. 1)
020       $a 7101004970 (v. 2)
020       $a 7101009212 (v. 3)
020       $a 7101009220 (v. 4)
035  9    $a (SBN)AJZ9107
035       $a AJZ9107
035       $a (CStRLIN)CASO97-B1157
040       $d CStRLIN $d CU-SB
043       $a a-cc---
050  0    $a DS721 $b .K83 1983 <Orien China>
066       $c $1
082  0    $a 951 $2 19
090       $a DS721 $b .K83 1983 $i 12/19/01 T $h 05/16/97 T
245  00   $6 880-01 $a Gu dai li zhi feng su man tan / $c "Wen shi zhi shi" bian ji bu.
250       $6 880-02 $a Di 1 ban.
260       $6 880-03 $a Beijing : $b Zhonghua shu ju : $b Xin hua shu dian Beijing fa xing suo fa xing, $c 1983-
300       $a v. : $b ill. ; $c 19 cm.
440   0   $6 880-04 $a Wen shi zhi shi wen ku
500       $a SBXL: CJK RECORD WITH 880s
504       $a Includes bibliographical references.
651   0   $a China $x Social life and customs.
710  2    $6 880-05 $a "Wen shi zhi shi" bian ji bu.
880  00   $6 245-01/$1 $a 古代 礼制 风俗 漫谈臚编辑部
880       $6 250-02/$1 $a 第
880       $6 260-03/$1 $a 北京
880   0   $6 440-04/$1 $a 文史 知识 文库
880  2    $6 710-05/$1 $a 《文史 知识》
852  01   $a CU-SB $b MAIN $c ASIAN $h DS721 $i .K83 1983 $n us $3 v.1-4

